@article{auer02,
	author  = "Peter Auer and Nicol\'{o} Cesa-Bianchi and Paul Fischer",
	title   = "Finite-time Analysis of the Multiarmed Bandit Problem",
	year    = "2002",
	journal = "Machine Learning",
    	volume = "47",
	pages   = "235--256"
	}

@article{bubeck12, 
	author = "S\'{e}bastien Bubeck and Nicol\'{o} Cesa-Bianchi", 
	title = "Regret Analysis of Stochastic and Nonstochastic Multi-armed Bandit Problems", 
	year = "2012", 
	journal = "Foundations and Trends in Machine Learning", 
	volume = "5", 
	number = "1", 
	pages = "1--122"
	}
	
@article{chu10, 
	author = "Lihong Li and Wei Chu and John Langford and Robert E. Schapire",
	title = "A Contextual-Bandit Approach to Personalized News Article Recommendation", 
	year = "2010", 
	journal = "Proceedings of the 19th International Conference on World Wide Web", 
	pages = "661--670"
	}