@ARTICLE{auer02,
  author = {Peter Auer and Nicol\'{o} Cesa-Bianchi and Paul Fischer},
  title = {Finite-time Analysis of the Multiarmed Bandit Problem},
  journal = {Machine Learning},
  year = {2002},
  volume = {47},
  pages = {235--256}
}

@ARTICLE{bubeck12,
  author = {S\'{e}bastien Bubeck and Nicol\'{o} Cesa-Bianchi},
  title = {Regret Analysis of Stochastic and Nonstochastic Multi-armed Bandit Problems},
  journal = {Foundations and Trends in Machine Learning},
  year = {2012},
  volume = {5},
  number = {1},
  pages = {1--122}
}

@ARTICLE{chu10,
  author = {Lihong Li and Wei Chu and John Langford and Robert E. Schapire},
  title = {A Contextual-Bandit Approach to Personalized News Article Recommendation},
  journal = {Proceedings of the 19th International Conference on World Wide Web},
  year = {2010},
  pages = {661--670}
}
